@article{gustafsson2016fast,
  title={Fast live-cell conventional fluorophore nanoscopy with ImageJ through super-resolution radial fluctuations},
  author={Gustafsson, Nils and Culley, Si{\^a}n and Ashdown, George and Owen, Dylan M and Pereira, Pedro Matos and Henriques, Ricardo},
  journal={Nature communications},
  volume={7},
  pages={12471},
  year={2016},
  publisher={Nature Publishing Group}
}

@article{culley2018quantitative,
  title={Quantitative mapping and minimization of super-resolution optical imaging artifacts},
  author={Culley, Si{\^a}n and Albrecht, David and Jacobs, Caron and Pereira, Pedro Matos and Leterrier, Christophe and Mercer, Jason and Henriques, Ricardo},
  journal={Nature methods},
  volume={15},
  number={4},
  pages={263},
  year={2018},
  publisher={Nature Publishing Group}
}

@article{gray2016virus,
  title={VirusMapper: open-source nanoscale mapping of viral architecture through super-resolution microscopy},
  author={Gustafsson, Nils and Culley, Si{\^a}n and Ashdown, George and Owen, Dylan M and Pereira, Pedro Matos and Henriques, Ricardo},
  journal={Nature communications},
  volume={7},
  pages={12471},
  year={2016},
  publisher={Nature Publishing Group}
}

@Article{gray2017,
author={Gray, Robert D. M. and Mercer, Jason and Henriques, Ricardo},
title={Open-source Single-particle Analysis for Super-resolution Microscopy with VirusMapper},
journal={J Vis Exp},
year={2017},
month={Apr},
day={09},
publisher={MyJove Corporation},
number={122},
pages={55471},
}


